@book{iaenfmod,
    author    = "Hughes, Bob and Cotterell, Mike",
    title     = "Software Project Management",
    year      = "2009",
    publisher = "McGraw-Hill Higher Education"
}